{%- set show_submission = true -%}
{%- extends "biblio-cv.bib" -%}
