{%- for paper in papers -%}
{%- set venue = venues[paper.venue] -%}
    {%- if venue.type == "conference" or venue.type == "workshop" -%}
        @inproceedings
    {%- elif venue.type == "journal" -%}
        @article
    {%- elif venue.type == "phd-thesis" -%}
        @phdthesis
    {%- elif venue.type == "ba-thesis" -%}
        @thesis
    {%- else -%}
        @misc
    {%- endif -%}
{
    {{- paper | bibtex_key(coauthors) -}},
    author = { {{- paper.authors | bibtex_authors(coauthors, year=paper.year) -}} },
    {{ paper.authors | bibtex_author_an(coauthors, year=paper.year) | maybe_wrap("author+an = {", "},\n    ") -}}
    title = { {{- paper.bibtex_title | default(paper.title) -}} },
    year = { {{- paper.year -}} },
    {%- if paper.arXiv %}
    archivePrefix = {arXiv},
    arxivId = { {{- paper.arXiv -}} },
    eprint = { {{- paper.arXiv -}} },
    {%- endif %}
    {{- paper.doi | maybe_wrap("\n    doi = {", "},") -}}
    {%- if venue.conference is defined %}
    booktitle = { {{- venue.name }} ({{ venues[venue.conference].short }} workshop)},
    {%- elif venue.type == "conference" or venue.type == "workshop" %}
    booktitle = { {{- venue.name -}} {{- venue.short | maybe_wrap(" (", ")") -}} },
    {%- elif venue.type == "journal" %}
    journal = { {{- venue.name -}} },
    {%- elif venue.type == "phd-thesis" %}
    type = {Ph.D. thesis},
    {%- elif venue.type == "ba-thesis" %}
    type = {B.A. thesis},
    {%- elif venue.type == "course-project" %}
    howpublished = { {{- venue.name -}} },
    {%- endif %}
    {{- paper.volume | maybe_wrap("\n    volume = {", "},") -}}
    {{- paper.number | maybe_wrap("\n    number = {", "},") -}}
    {{- paper.pages | maybe_wrap("\n    pages = {", "},") -}}
    {{- venue.school | maybe_wrap("\n    school = {", "},") -}}
    {{- venue.department | maybe_wrap("\n    department = {", "},") -}}
    {{- venue.bib_type | maybe_wrap("\n    type = {", "},") -}}
    {{- paper.official | maybe_wrap("\n    url = {", "},") -}}
    {%- set note = paper.cv_note if paper.cv_note is defined else paper.note -%}
    {{- note | maybe_wrap("\n    addendum = {", "},") -}}
{# make sure there's a newline here #}
    keywords = { {{- venue.type -}} },
}

{% endfor -%}
